<?xml version="1.0" encoding="UTF-8"?><collection xmlns="http://www.loc.gov/MARC21/slim"><record><leader>00517nam--2200181-i-4500</leader><controlfield tag="001">000018336</controlfield><controlfield tag="002">20161230</controlfield><controlfield tag="005">20161230201032</controlfield><controlfield tag="008">060222s1000------------r-----000-0-eng-d</controlfield><datafield ind1=" " ind2=" " tag="040"><subfield code="a">IFIN-HH</subfield></datafield><datafield ind1=" " ind2=" " tag="080"><subfield code="a">533.6</subfield></datafield><datafield ind1="1" ind2=" " tag="100"><subfield code="a">Emmons, Howard.W</subfield></datafield><datafield ind1="1" ind2="0" tag="245"><subfield code="a">Fundamentals of gas dymanics</subfield><subfield code="c">Howard W. Emmons (Ed.)</subfield></datafield><datafield ind1=" " ind2=" " tag="260"><subfield code="a">London</subfield><subfield code="b">Oxford University Press</subfield><subfield code="c">1958</subfield></datafield><datafield ind1=" " ind2=" " tag="300"><subfield code="a">XIII + 749 P</subfield></datafield><datafield ind1=" " ind2=" " tag="490"><subfield code="a">High Speed Aerodynamics And Jet Propulsion,</subfield><subfield code="v">vol. III</subfield></datafield><datafield ind1=" " ind2=" " tag="852"><subfield code="a">15551</subfield><subfield code="c">533.6</subfield></datafield><datafield ind1=" " ind2=" " tag="CAT"><subfield code="a">Sys</subfield><subfield code="c">20110607</subfield><subfield code="h">152507</subfield></datafield></record></collection>